<record><leader>00000cas a22000007a 4500</leader><controlfield tag="001">9554716</controlfield><controlfield tag="008">830527d190219uunyuwr ne      0    0srpod</controlfield><datafield ind1=" " ind2=" " tag="010"><subfield code="a">sn 83045574 </subfield></datafield><datafield ind1=" " ind2=" " tag="040"><subfield code="a">CRL</subfield><subfield code="b">eng</subfield><subfield code="c">CRL</subfield><subfield code="d">NPW</subfield><subfield code="d">YOX</subfield><subfield code="d">NYS</subfield><subfield code="d">OCLCQ</subfield><subfield code="d">OCLCF</subfield><subfield code="d">OCLCO</subfield><subfield code="d">OCLCQ</subfield></datafield><datafield ind1="0" ind2=" " tag="041"><subfield code="a">srp</subfield><subfield code="a">eng</subfield></datafield><datafield ind1=" " ind2=" " tag="042"><subfield code="a">msc</subfield></datafield><datafield ind1=" " ind2=" " tag="043"><subfield code="a">n-us---</subfield></datafield><datafield ind1="0" ind2="0" tag="245"><subfield code="a">Srpska straz&#780;a.</subfield></datafield><datafield ind1="3" ind2="1" tag="246"><subfield code="a">Serb sentinel</subfield></datafield><datafield ind1="1" ind2="7" tag="246"><subfield code="a">Serb Sentinel-Srpska straz&#780;a</subfield></datafield><datafield ind1=" " ind2=" " tag="260"><subfield code="a">New York, N.Y. :</subfield><subfield code="b">[Dushan Popovich]</subfield></datafield><datafield ind1=" " ind2=" " tag="300"><subfield code="a">volumes</subfield></datafield><datafield ind1=" " ind2=" " tag="310"><subfield code="a">Weekly</subfield></datafield><datafield ind1=" " ind2=" " tag="336"><subfield code="a">text</subfield><subfield code="b">txt</subfield><subfield code="2">rdacontent</subfield></datafield><datafield ind1=" " ind2=" " tag="337"><subfield code="a">unmediated</subfield><subfield code="b">n</subfield><subfield code="2">rdamedia</subfield></datafield><datafield ind1=" " ind2=" " tag="338"><subfield code="a">volume</subfield><subfield code="b">nc</subfield><subfield code="2">rdacarrier</subfield></datafield><datafield ind1="1" ind2=" " tag="362"><subfield code="a">Began Jan. 27, 1902?</subfield></datafield><datafield ind1=" " ind2=" " tag="500"><subfield code="a">Masthead has parallel title: Serb sentinel, &lt;Jan. 7, 1926-&gt;.</subfield></datafield><datafield ind1=" " ind2=" " tag="500"><subfield code="a">"Devoted to the mutual understanding between Americans and Yugoslavs: Serbs, Croats, and Slovenes," &lt;Jan. 7, 1926-&gt;.</subfield></datafield><datafield ind1=" " ind2=" " tag="530"><subfield code="a">Also issued on microfilm from the New York Public Library.</subfield></datafield><datafield ind1=" " ind2=" " tag="546"><subfield code="a">In Serbo-Croatian (Cyrillic) with occasional articles in English.</subfield></datafield><datafield ind1=" " ind2=" " tag="588"><subfield code="a">Description based on: Broj. 1,286 (9 dec. 1920).</subfield></datafield><datafield ind1=" " ind2="0" tag="650"><subfield code="a">Serbs</subfield><subfield code="z">United States</subfield><subfield code="v">Newspapers.</subfield></datafield><datafield ind1=" " ind2="0" tag="650"><subfield code="a">Serbian Americans</subfield><subfield code="v">Newspapers.</subfield></datafield><datafield ind1=" " ind2="0" tag="650"><subfield code="a">Yugoslavs</subfield><subfield code="z">United States</subfield><subfield code="v">Newspapers.</subfield></datafield><datafield ind1=" " ind2="0" tag="650"><subfield code="a">Yugoslav Americans</subfield><subfield code="v">Newspapers.</subfield></datafield><datafield ind1=" " ind2="4" tag="651"><subfield code="a">New York (N.Y.)</subfield><subfield code="v">Newspapers.</subfield></datafield><datafield ind1=" " ind2="7" tag="650"><subfield code="a">Serbian Americans.</subfield><subfield code="2">fast</subfield><subfield code="0">(OCoLC)fst01112915</subfield></datafield><datafield ind1=" " ind2="7" tag="650"><subfield code="a">Serbs.</subfield><subfield code="2">fast</subfield><subfield code="0">(OCoLC)fst01113050</subfield></datafield><datafield ind1=" " ind2="7" tag="650"><subfield code="a">Yugoslav Americans.</subfield><subfield code="2">fast</subfield><subfield code="0">(OCoLC)fst01183770</subfield></datafield><datafield ind1=" " ind2="7" tag="650"><subfield code="a">Yugoslavs.</subfield><subfield code="2">fast</subfield><subfield code="0">(OCoLC)fst01183838</subfield></datafield><datafield ind1=" " ind2="7" tag="651"><subfield code="a">United States.</subfield><subfield code="2">fast</subfield><subfield code="0">(OCoLC)fst01204155</subfield></datafield><datafield ind1=" " ind2="7" tag="655"><subfield code="a">Newspapers.</subfield><subfield code="2">fast</subfield><subfield code="0">(OCoLC)fst01423814</subfield></datafield><datafield ind1=" " ind2=" " tag="752"><subfield code="a">United States</subfield><subfield code="b">New York</subfield><subfield code="c">New York</subfield><subfield code="d">New York.</subfield></datafield><datafield ind1="1" ind2=" " tag="029"><subfield code="a">AU@</subfield><subfield code="b">000025815584</subfield></datafield></record>